%YAML 1.1
%TAG !u! tag:unity3d.com,2011:
--- !u!29 &1
SceneSettings:
  m_ObjectHideFlags: 0
  m_PVSData: 
  m_PVSObjectsArray: []
  m_PVSPortalsArray: []
  m_OcclusionBakeSettings:
    smallestOccluder: 5
    smallestHole: 0.25
    backfaceThreshold: 100
--- !u!104 &2
RenderSettings:
  m_ObjectHideFlags: 0
  serializedVersion: 7
  m_Fog: 0
  m_FogColor: {r: 0.5, g: 0.5, b: 0.5, a: 1}
  m_FogMode: 3
  m_FogDensity: 0.01
  m_LinearFogStart: 0
  m_LinearFogEnd: 300
  m_AmbientSkyColor: {r: 0.212, g: 0.227, b: 0.259, a: 1}
  m_AmbientEquatorColor: {r: 0.114, g: 0.125, b: 0.133, a: 1}
  m_AmbientGroundColor: {r: 0.047, g: 0.043, b: 0.035, a: 1}
  m_AmbientIntensity: 1
  m_AmbientMode: 3
  m_SkyboxMaterial: {fileID: 0}
  m_HaloStrength: 0.5
  m_FlareStrength: 1
  m_FlareFadeSpeed: 3
  m_HaloTexture: {fileID: 0}
  m_SpotCookie: {fileID: 10001, guid: 0000000000000000e000000000000000, type: 0}
  m_DefaultReflectionMode: 0
  m_DefaultReflectionResolution: 128
  m_ReflectionBounces: 1
  m_ReflectionIntensity: 1
  m_CustomReflection: {fileID: 0}
  m_Sun: {fileID: 0}
  m_IndirectSpecularColor: {r: 0, g: 0, b: 0, a: 1}
--- !u!157 &3
LightmapSettings:
  m_ObjectHideFlags: 0
  serializedVersion: 7
  m_GIWorkflowMode: 1
  m_GISettings:
    serializedVersion: 2
    m_BounceScale: 1
    m_IndirectOutputScale: 1
    m_AlbedoBoost: 1
    m_TemporalCoherenceThreshold: 1
    m_EnvironmentLightingMode: 0
    m_EnableBakedLightmaps: 0
    m_EnableRealtimeLightmaps: 0
  m_LightmapEditorSettings:
    serializedVersion: 4
    m_Resolution: 2
    m_BakeResolution: 40
    m_TextureWidth: 1024
    m_TextureHeight: 1024
    m_AO: 0
    m_AOMaxDistance: 1
    m_CompAOExponent: 1
    m_CompAOExponentDirect: 0
    m_Padding: 2
    m_LightmapParameters: {fileID: 0}
    m_LightmapsBakeMode: 1
    m_TextureCompression: 1
    m_DirectLightInLightProbes: 1
    m_FinalGather: 0
    m_FinalGatherFiltering: 1
    m_FinalGatherRayCount: 256
    m_ReflectionCompression: 2
  m_LightingDataAsset: {fileID: 0}
  m_RuntimeCPUUsage: 25
--- !u!196 &4
NavMeshSettings:
  serializedVersion: 2
  m_ObjectHideFlags: 0
  m_BuildSettings:
    serializedVersion: 2
    agentRadius: 0.5
    agentHeight: 2
    agentSlope: 45
    agentClimb: 0.4
    ledgeDropHeight: 0
    maxJumpAcrossDistance: 0
    accuratePlacement: 0
    minRegionArea: 2
    cellSize: 0.16666667
    manualCellSize: 0
  m_NavMeshData: {fileID: 0}
--- !u!1 &168903557
GameObject:
  m_ObjectHideFlags: 0
  m_PrefabParentObject: {fileID: 0}
  m_PrefabInternal: {fileID: 0}
  serializedVersion: 4
  m_Component:
  - 4: {fileID: 168903565}
  - 114: {fileID: 168903564}
  - 114: {fileID: 168903563}
  - 114: {fileID: 168903562}
  - 114: {fileID: 168903561}
  - 114: {fileID: 168903560}
  - 114: {fileID: 168903559}
  - 114: {fileID: 168903558}
  m_Layer: 0
  m_Name: GameManager (1)
  m_TagString: Untagged
  m_Icon: {fileID: 0}
  m_NavMeshLayer: 0
  m_StaticEditorFlags: 0
  m_IsActive: 1
--- !u!114 &168903558
MonoBehaviour:
  m_ObjectHideFlags: 0
  m_PrefabParentObject: {fileID: 0}
  m_PrefabInternal: {fileID: 0}
  m_GameObject: {fileID: 168903557}
  m_Enabled: 1
  m_EditorHideFlags: 0
  m_Script: {fileID: 11500000, guid: b2a968a47b7d52842adce6dcdb819048, type: 3}
  m_Name: 
  m_EditorClassIdentifier: 
  type: 1
  LaunchingTimeDiaposone: {x: 3, y: 7}
--- !u!114 &168903559
MonoBehaviour:
  m_ObjectHideFlags: 0
  m_PrefabParentObject: {fileID: 0}
  m_PrefabInternal: {fileID: 0}
  m_GameObject: {fileID: 168903557}
  m_Enabled: 1
  m_EditorHideFlags: 0
  m_Script: {fileID: 11500000, guid: b2a968a47b7d52842adce6dcdb819048, type: 3}
  m_Name: 
  m_EditorClassIdentifier: 
  type: 0
  LaunchingTimeDiaposone: {x: 1, y: 4}
--- !u!114 &168903560
MonoBehaviour:
  m_ObjectHideFlags: 0
  m_PrefabParentObject: {fileID: 0}
  m_PrefabInternal: {fileID: 0}
  m_GameObject: {fileID: 168903557}
  m_Enabled: 1
  m_EditorHideFlags: 0
  m_Script: {fileID: 11500000, guid: 11dc6f095ca2ccb4c98b7b1c65ab90ae, type: 3}
  m_Name: 
  m_EditorClassIdentifier: 
--- !u!114 &168903561
MonoBehaviour:
  m_ObjectHideFlags: 0
  m_PrefabParentObject: {fileID: 0}
  m_PrefabInternal: {fileID: 0}
  m_GameObject: {fileID: 168903557}
  m_Enabled: 1
  m_EditorHideFlags: 0
  m_Script: {fileID: 11500000, guid: 139ac1f3318c9494e8f9ea4455797a8d, type: 3}
  m_Name: 
  m_EditorClassIdentifier: 
--- !u!114 &168903562
MonoBehaviour:
  m_ObjectHideFlags: 0
  m_PrefabParentObject: {fileID: 0}
  m_PrefabInternal: {fileID: 0}
  m_GameObject: {fileID: 168903557}
  m_Enabled: 1
  m_EditorHideFlags: 0
  m_Script: {fileID: 11500000, guid: f4be4f3f817828440a742b2932b3eb16, type: 3}
  m_Name: 
  m_EditorClassIdentifier: 
--- !u!114 &168903563
MonoBehaviour:
  m_ObjectHideFlags: 0
  m_PrefabParentObject: {fileID: 0}
  m_PrefabInternal: {fileID: 0}
  m_GameObject: {fileID: 168903557}
  m_Enabled: 1
  m_EditorHideFlags: 0
  m_Script: {fileID: 11500000, guid: 69aa7ec2f81726f4c8e4bea46ae07910, type: 3}
  m_Name: 
  m_EditorClassIdentifier: 
--- !u!114 &168903564
MonoBehaviour:
  m_ObjectHideFlags: 0
  m_PrefabParentObject: {fileID: 0}
  m_PrefabInternal: {fileID: 0}
  m_GameObject: {fileID: 168903557}
  m_Enabled: 1
  m_EditorHideFlags: 0
  m_Script: {fileID: 11500000, guid: c8e115c07dec55049b7dcee84dd9a324, type: 3}
  m_Name: 
  m_EditorClassIdentifier: 
  Energy:
    maxValue: 1
    minValue: 0
    waveCost: 0.2
    recoverySpeed: 0.25
--- !u!4 &168903565
Transform:
  m_ObjectHideFlags: 0
  m_PrefabParentObject: {fileID: 0}
  m_PrefabInternal: {fileID: 0}
  m_GameObject: {fileID: 168903557}
  m_LocalRotation: {x: 0, y: 0, z: 0, w: 1}
  m_LocalPosition: {x: 39.869106, y: -4.8015966, z: 6.2265625}
  m_LocalScale: {x: 1, y: 1, z: 1}
  m_LocalEulerAnglesHint: {x: 0, y: 0, z: 0}
  m_Children: []
  m_Father: {fileID: 0}
  m_RootOrder: 1
--- !u!1 &227598922
GameObject:
  m_ObjectHideFlags: 0
  m_PrefabParentObject: {fileID: 0}
  m_PrefabInternal: {fileID: 0}
  serializedVersion: 4
  m_Component:
  - 4: {fileID: 227598925}
  - 114: {fileID: 227598924}
  - 114: {fileID: 227598923}
  m_Layer: 0
  m_Name: EventSystem (1)
  m_TagString: Untagged
  m_Icon: {fileID: 0}
  m_NavMeshLayer: 0
  m_StaticEditorFlags: 0
  m_IsActive: 1
--- !u!114 &227598923
MonoBehaviour:
  m_ObjectHideFlags: 0
  m_PrefabParentObject: {fileID: 0}
  m_PrefabInternal: {fileID: 0}
  m_GameObject: {fileID: 227598922}
  m_Enabled: 1
  m_EditorHideFlags: 0
  m_Script: {fileID: 1077351063, guid: f5f67c52d1564df4a8936ccd202a3bd8, type: 3}
  m_Name: 
  m_EditorClassIdentifier: 
  m_HorizontalAxis: Horizontal
  m_VerticalAxis: Vertical
  m_SubmitButton: Submit
  m_CancelButton: Cancel
  m_InputActionsPerSecond: 10
  m_RepeatDelay: 0.5
  m_ForceModuleActive: 0
--- !u!114 &227598924
MonoBehaviour:
  m_ObjectHideFlags: 0
  m_PrefabParentObject: {fileID: 0}
  m_PrefabInternal: {fileID: 0}
  m_GameObject: {fileID: 227598922}
  m_Enabled: 1
  m_EditorHideFlags: 0
  m_Script: {fileID: -619905303, guid: f5f67c52d1564df4a8936ccd202a3bd8, type: 3}
  m_Name: 
  m_EditorClassIdentifier: 
  m_FirstSelected: {fileID: 0}
  m_sendNavigationEvents: 1
  m_DragThreshold: 5
--- !u!4 &227598925
Transform:
  m_ObjectHideFlags: 0
  m_PrefabParentObject: {fileID: 0}
  m_PrefabInternal: {fileID: 0}
  m_GameObject: {fileID: 227598922}
  m_LocalRotation: {x: 0, y: 0, z: 0, w: 1}
  m_LocalPosition: {x: 0, y: 0, z: 0}
  m_LocalScale: {x: 1, y: 1, z: 1}
  m_LocalEulerAnglesHint: {x: 0, y: 0, z: 0}
  m_Children: []
  m_Father: {fileID: 0}
  m_RootOrder: 2
--- !u!1001 &253885910
Prefab:
  m_ObjectHideFlags: 0
  serializedVersion: 2
  m_Modification:
    m_TransformParent: {fileID: 0}
    m_Modifications:
    - target: {fileID: 224000012975739756, guid: cbd6dbdeda35c574bb17bf298fcffd16,
        type: 2}
      propertyPath: m_LocalPosition.x
      value: 0
      objectReference: {fileID: 0}
    - target: {fileID: 224000012975739756, guid: cbd6dbdeda35c574bb17bf298fcffd16,
        type: 2}
      propertyPath: m_LocalPosition.y
      value: 0
      objectReference: {fileID: 0}
    - target: {fileID: 224000012975739756, guid: cbd6dbdeda35c574bb17bf298fcffd16,
        type: 2}
      propertyPath: m_LocalPosition.z
      value: 0
      objectReference: {fileID: 0}
    - target: {fileID: 224000012975739756, guid: cbd6dbdeda35c574bb17bf298fcffd16,
        type: 2}
      propertyPath: m_LocalRotation.x
      value: 0
      objectReference: {fileID: 0}
    - target: {fileID: 224000012975739756, guid: cbd6dbdeda35c574bb17bf298fcffd16,
        type: 2}
      propertyPath: m_LocalRotation.y
      value: 0
      objectReference: {fileID: 0}
    - target: {fileID: 224000012975739756, guid: cbd6dbdeda35c574bb17bf298fcffd16,
        type: 2}
      propertyPath: m_LocalRotation.z
      value: 0
      objectReference: {fileID: 0}
    - target: {fileID: 224000012975739756, guid: cbd6dbdeda35c574bb17bf298fcffd16,
        type: 2}
      propertyPath: m_LocalRotation.w
      value: 1
      objectReference: {fileID: 0}
    - target: {fileID: 224000012975739756, guid: cbd6dbdeda35c574bb17bf298fcffd16,
        type: 2}
      propertyPath: m_RootOrder
      value: 3
      objectReference: {fileID: 0}
    - target: {fileID: 224000012975739756, guid: cbd6dbdeda35c574bb17bf298fcffd16,
        type: 2}
      propertyPath: m_AnchoredPosition.x
      value: 0
      objectReference: {fileID: 0}
    - target: {fileID: 224000012975739756, guid: cbd6dbdeda35c574bb17bf298fcffd16,
        type: 2}
      propertyPath: m_AnchoredPosition.y
      value: 0
      objectReference: {fileID: 0}
    - target: {fileID: 224000012975739756, guid: cbd6dbdeda35c574bb17bf298fcffd16,
        type: 2}
      propertyPath: m_SizeDelta.x
      value: 0
      objectReference: {fileID: 0}
    - target: {fileID: 224000012975739756, guid: cbd6dbdeda35c574bb17bf298fcffd16,
        type: 2}
      propertyPath: m_SizeDelta.y
      value: 0
      objectReference: {fileID: 0}
    - target: {fileID: 224000012975739756, guid: cbd6dbdeda35c574bb17bf298fcffd16,
        type: 2}
      propertyPath: m_AnchorMin.x
      value: 0
      objectReference: {fileID: 0}
    - target: {fileID: 224000012975739756, guid: cbd6dbdeda35c574bb17bf298fcffd16,
        type: 2}
      propertyPath: m_AnchorMin.y
      value: 0
      objectReference: {fileID: 0}
    - target: {fileID: 224000012975739756, guid: cbd6dbdeda35c574bb17bf298fcffd16,
        type: 2}
      propertyPath: m_AnchorMax.x
      value: 0
      objectReference: {fileID: 0}
    - target: {fileID: 224000012975739756, guid: cbd6dbdeda35c574bb17bf298fcffd16,
        type: 2}
      propertyPath: m_AnchorMax.y
      value: 0
      objectReference: {fileID: 0}
    - target: {fileID: 224000012975739756, guid: cbd6dbdeda35c574bb17bf298fcffd16,
        type: 2}
      propertyPath: m_Pivot.x
      value: 0
      objectReference: {fileID: 0}
    - target: {fileID: 224000012975739756, guid: cbd6dbdeda35c574bb17bf298fcffd16,
        type: 2}
      propertyPath: m_Pivot.y
      value: 0
      objectReference: {fileID: 0}
    - target: {fileID: 114000010775310496, guid: cbd6dbdeda35c574bb17bf298fcffd16,
        type: 2}
      propertyPath: Canon
      value: 
      objectReference: {fileID: 1927117989}
    - target: {fileID: 114000010775310496, guid: cbd6dbdeda35c574bb17bf298fcffd16,
        type: 2}
      propertyPath: CanonTop
      value: 
      objectReference: {fileID: 1299162910}
    m_RemovedComponents: []
  m_ParentPrefab: {fileID: 100100000, guid: cbd6dbdeda35c574bb17bf298fcffd16, type: 2}
  m_IsPrefabParent: 0
--- !u!1001 &410334607
Prefab:
  m_ObjectHideFlags: 0
  serializedVersion: 2
  m_Modification:
    m_TransformParent: {fileID: 0}
    m_Modifications:
    - target: {fileID: 4000010449693492, guid: cef8c5e35439811409c3bbb4d1d55540, type: 2}
      propertyPath: m_LocalPosition.x
      value: -33.33
      objectReference: {fileID: 0}
    - target: {fileID: 4000010449693492, guid: cef8c5e35439811409c3bbb4d1d55540, type: 2}
      propertyPath: m_LocalPosition.y
      value: -5
      objectReference: {fileID: 0}
    - target: {fileID: 4000010449693492, guid: cef8c5e35439811409c3bbb4d1d55540, type: 2}
      propertyPath: m_LocalPosition.z
      value: 0
      objectReference: {fileID: 0}
    - target: {fileID: 4000010449693492, guid: cef8c5e35439811409c3bbb4d1d55540, type: 2}
      propertyPath: m_LocalRotation.x
      value: -0
      objectReference: {fileID: 0}
    - target: {fileID: 4000010449693492, guid: cef8c5e35439811409c3bbb4d1d55540, type: 2}
      propertyPath: m_LocalRotation.y
      value: -0
      objectReference: {fileID: 0}
    - target: {fileID: 4000010449693492, guid: cef8c5e35439811409c3bbb4d1d55540, type: 2}
      propertyPath: m_LocalRotation.z
      value: -0
      objectReference: {fileID: 0}
    - target: {fileID: 4000010449693492, guid: cef8c5e35439811409c3bbb4d1d55540, type: 2}
      propertyPath: m_LocalRotation.w
      value: 1
      objectReference: {fileID: 0}
    - target: {fileID: 4000010449693492, guid: cef8c5e35439811409c3bbb4d1d55540, type: 2}
      propertyPath: m_RootOrder
      value: 6
      objectReference: {fileID: 0}
    m_RemovedComponents: []
  m_ParentPrefab: {fileID: 100100000, guid: cef8c5e35439811409c3bbb4d1d55540, type: 2}
  m_IsPrefabParent: 0
--- !u!4 &545383738 stripped
Transform:
  m_PrefabParentObject: {fileID: 4000012131443018, guid: 7480d372f8ac23b4eaee7bd8fc7980dd,
    type: 2}
  m_PrefabInternal: {fileID: 1083032817}
--- !u!1 &612624269
GameObject:
  m_ObjectHideFlags: 0
  m_PrefabParentObject: {fileID: 0}
  m_PrefabInternal: {fileID: 0}
  serializedVersion: 4
  m_Component:
  - 4: {fileID: 612624275}
  - 20: {fileID: 612624274}
  - 92: {fileID: 612624273}
  - 124: {fileID: 612624272}
  - 81: {fileID: 612624271}
  - 114: {fileID: 612624270}
  m_Layer: 0
  m_Name: Main Camera (1)
  m_TagString: MainCamera
  m_Icon: {fileID: 0}
  m_NavMeshLayer: 0
  m_StaticEditorFlags: 0
  m_IsActive: 1
--- !u!114 &612624270
MonoBehaviour:
  m_ObjectHideFlags: 0
  m_PrefabParentObject: {fileID: 0}
  m_PrefabInternal: {fileID: 0}
  m_GameObject: {fileID: 612624269}
  m_Enabled: 1
  m_EditorHideFlags: 0
  m_Script: {fileID: 11500000, guid: c5603dfae5e36524bb52983d3fe13172, type: 3}
  m_Name: 
  m_EditorClassIdentifier: 
  target: {fileID: 545383738}
  Offset: {x: -9.7, y: 0.14}
  PosDamp: 14.94
  MinY: -2.5
--- !u!81 &612624271
AudioListener:
  m_ObjectHideFlags: 0
  m_PrefabParentObject: {fileID: 0}
  m_PrefabInternal: {fileID: 0}
  m_GameObject: {fileID: 612624269}
  m_Enabled: 1
--- !u!124 &612624272
Behaviour:
  m_ObjectHideFlags: 0
  m_PrefabParentObject: {fileID: 0}
  m_PrefabInternal: {fileID: 0}
  m_GameObject: {fileID: 612624269}
  m_Enabled: 1
--- !u!92 &612624273
Behaviour:
  m_ObjectHideFlags: 0
  m_PrefabParentObject: {fileID: 0}
  m_PrefabInternal: {fileID: 0}
  m_GameObject: {fileID: 612624269}
  m_Enabled: 1
--- !u!20 &612624274
Camera:
  m_ObjectHideFlags: 0
  m_PrefabParentObject: {fileID: 0}
  m_PrefabInternal: {fileID: 0}
  m_GameObject: {fileID: 612624269}
  m_Enabled: 1
  serializedVersion: 2
  m_ClearFlags: 1
  m_BackGroundColor: {r: 0.20392159, g: 0.3647059, b: 0.5803922, a: 0.019607844}
  m_NormalizedViewPortRect:
    serializedVersion: 2
    x: 0
    y: 0
    width: 1
    height: 1
  near clip plane: 0.01
  far clip plane: 50
  field of view: 109.3
  orthographic: 0
  orthographic size: 5
  m_Depth: -1
  m_CullingMask:
    serializedVersion: 2
    m_Bits: 4294967295
  m_RenderingPath: 2
  m_TargetTexture: {fileID: 0}
  m_TargetDisplay: 0
  m_TargetEye: 3
  m_HDR: 0
  m_OcclusionCulling: 1
  m_StereoConvergence: 10
  m_StereoSeparation: 0.022
  m_StereoMirrorMode: 0
--- !u!4 &612624275
Transform:
  m_ObjectHideFlags: 0
  m_PrefabParentObject: {fileID: 0}
  m_PrefabInternal: {fileID: 0}
  m_GameObject: {fileID: 612624269}
  m_LocalRotation: {x: 0, y: 0, z: 0, w: 1}
  m_LocalPosition: {x: -42.9, y: -7.5, z: -9.1}
  m_LocalScale: {x: 1, y: 1, z: 1}
  m_LocalEulerAnglesHint: {x: 0, y: 0, z: 0}
  m_Children:
  - {fileID: 2012252659}
  m_Father: {fileID: 0}
  m_RootOrder: 4
--- !u!1001 &1015715506
Prefab:
  m_ObjectHideFlags: 0
  serializedVersion: 2
  m_Modification:
    m_TransformParent: {fileID: 0}
    m_Modifications:
    - target: {fileID: 4000012341492448, guid: 30d188102b50dd346ab2d3da1c3009d8, type: 2}
      propertyPath: m_LocalPosition.x
      value: -78.9
      objectReference: {fileID: 0}
    - target: {fileID: 4000012341492448, guid: 30d188102b50dd346ab2d3da1c3009d8, type: 2}
      propertyPath: m_LocalPosition.y
      value: -15.88
      objectReference: {fileID: 0}
    - target: {fileID: 4000012341492448, guid: 30d188102b50dd346ab2d3da1c3009d8, type: 2}
      propertyPath: m_LocalPosition.z
      value: 0.0546875
      objectReference: {fileID: 0}
    - target: {fileID: 4000012341492448, guid: 30d188102b50dd346ab2d3da1c3009d8, type: 2}
      propertyPath: m_LocalRotation.x
      value: 0
      objectReference: {fileID: 0}
    - target: {fileID: 4000012341492448, guid: 30d188102b50dd346ab2d3da1c3009d8, type: 2}
      propertyPath: m_LocalRotation.y
      value: 0
      objectReference: {fileID: 0}
    - target: {fileID: 4000012341492448, guid: 30d188102b50dd346ab2d3da1c3009d8, type: 2}
      propertyPath: m_LocalRotation.z
      value: 0
      objectReference: {fileID: 0}
    - target: {fileID: 4000012341492448, guid: 30d188102b50dd346ab2d3da1c3009d8, type: 2}
      propertyPath: m_LocalRotation.w
      value: 1
      objectReference: {fileID: 0}
    - target: {fileID: 4000012341492448, guid: 30d188102b50dd346ab2d3da1c3009d8, type: 2}
      propertyPath: m_RootOrder
      value: 5
      objectReference: {fileID: 0}
    m_RemovedComponents: []
  m_ParentPrefab: {fileID: 100100000, guid: 30d188102b50dd346ab2d3da1c3009d8, type: 2}
  m_IsPrefabParent: 0
--- !u!1001 &1083032817
Prefab:
  m_ObjectHideFlags: 0
  serializedVersion: 2
  m_Modification:
    m_TransformParent: {fileID: 0}
    m_Modifications:
    - target: {fileID: 4000010312259890, guid: 7480d372f8ac23b4eaee7bd8fc7980dd, type: 2}
      propertyPath: m_LocalPosition.x
      value: -55.05
      objectReference: {fileID: 0}
    - target: {fileID: 4000010312259890, guid: 7480d372f8ac23b4eaee7bd8fc7980dd, type: 2}
      propertyPath: m_LocalPosition.y
      value: -9.86
      objectReference: {fileID: 0}
    - target: {fileID: 4000010312259890, guid: 7480d372f8ac23b4eaee7bd8fc7980dd, type: 2}
      propertyPath: m_LocalPosition.z
      value: 0
      objectReference: {fileID: 0}
    - target: {fileID: 4000010312259890, guid: 7480d372f8ac23b4eaee7bd8fc7980dd, type: 2}
      propertyPath: m_LocalRotation.x
      value: -0
      objectReference: {fileID: 0}
    - target: {fileID: 4000010312259890, guid: 7480d372f8ac23b4eaee7bd8fc7980dd, type: 2}
      propertyPath: m_LocalRotation.y
      value: -0
      objectReference: {fileID: 0}
    - target: {fileID: 4000010312259890, guid: 7480d372f8ac23b4eaee7bd8fc7980dd, type: 2}
      propertyPath: m_LocalRotation.z
      value: -0
      objectReference: {fileID: 0}
    - target: {fileID: 4000010312259890, guid: 7480d372f8ac23b4eaee7bd8fc7980dd, type: 2}
      propertyPath: m_LocalRotation.w
      value: 1
      objectReference: {fileID: 0}
    - target: {fileID: 4000010312259890, guid: 7480d372f8ac23b4eaee7bd8fc7980dd, type: 2}
      propertyPath: m_RootOrder
      value: 0
      objectReference: {fileID: 0}
    m_RemovedComponents: []
  m_ParentPrefab: {fileID: 100100000, guid: 7480d372f8ac23b4eaee7bd8fc7980dd, type: 2}
  m_IsPrefabParent: 0
--- !u!4 &1299162910 stripped
Transform:
  m_PrefabParentObject: {fileID: 4000011259691788, guid: 7480d372f8ac23b4eaee7bd8fc7980dd,
    type: 2}
  m_PrefabInternal: {fileID: 1083032817}
--- !u!4 &1927117989 stripped
Transform:
  m_PrefabParentObject: {fileID: 4000012588667870, guid: 7480d372f8ac23b4eaee7bd8fc7980dd,
    type: 2}
  m_PrefabInternal: {fileID: 1083032817}
--- !u!1 &2012252658
GameObject:
  m_ObjectHideFlags: 0
  m_PrefabParentObject: {fileID: 0}
  m_PrefabInternal: {fileID: 0}
  serializedVersion: 4
  m_Component:
  - 4: {fileID: 2012252659}
  - 108: {fileID: 2012252660}
  m_Layer: 0
  m_Name: Point light
  m_TagString: Untagged
  m_Icon: {fileID: 0}
  m_NavMeshLayer: 0
  m_StaticEditorFlags: 0
  m_IsActive: 1
--- !u!4 &2012252659
Transform:
  m_ObjectHideFlags: 0
  m_PrefabParentObject: {fileID: 0}
  m_PrefabInternal: {fileID: 0}
  m_GameObject: {fileID: 2012252658}
  m_LocalRotation: {x: 0, y: 0, z: 0, w: 1}
  m_LocalPosition: {x: -5.8, y: 1.08, z: -1.25}
  m_LocalScale: {x: 1, y: 1, z: 1}
  m_LocalEulerAnglesHint: {x: 0, y: 0, z: 0}
  m_Children: []
  m_Father: {fileID: 612624275}
  m_RootOrder: 0
--- !u!108 &2012252660
Light:
  m_ObjectHideFlags: 0
  m_PrefabParentObject: {fileID: 0}
  m_PrefabInternal: {fileID: 0}
  m_GameObject: {fileID: 2012252658}
  m_Enabled: 1
  serializedVersion: 7
  m_Type: 2
  m_Color: {r: 1, g: 1, b: 1, a: 1}
  m_Intensity: 1.03
  m_Range: 436.02
  m_SpotAngle: 30
  m_CookieSize: 10
  m_Shadows:
    m_Type: 2
    m_Resolution: -1
    m_CustomResolution: -1
    m_Strength: 0.2
    m_Bias: 0.05
    m_NormalBias: 0.4
    m_NearPlane: 0.2
  m_Cookie: {fileID: 0}
  m_DrawHalo: 0
  m_Flare: {fileID: 0}
  m_RenderMode: 0
  m_CullingMask:
    serializedVersion: 2
    m_Bits: 4294967295
  m_Lightmapping: 4
  m_AreaSize: {x: 1, y: 1}
  m_BounceIntensity: 0
  m_ShadowRadius: 0
  m_ShadowAngle: 0
